<collection>
<record>
<leader>04069cpcaa22006495a 4500</leader>
<controlfield tag="001">13111002</controlfield>
<controlfield tag="005">20201207160131.0</controlfield>
<controlfield tag="008">030304i19551995dcu phi </controlfield>
<datafield ind1=" " ind2=" " tag="906">
<subfield code="a">7</subfield>
<subfield code="b">cbc</subfield>
<subfield code="c">orignew</subfield>
<subfield code="d">u</subfield>
<subfield code="e">ncip</subfield>
<subfield code="f">20</subfield>
<subfield code="g">y-folklife</subfield>
</datafield>
<datafield ind1=" " ind2=" " tag="955">
<subfield code="a">
cker 2003-03-04 ; mkru 2004-02-24 ; mkru 2004-04-26 ; mkru 2004-06-03; mkru 2004-09-30; mkru 2004-11-26; mkru 2005-07-13; mkru 2010-01-12
</subfield>
<subfield code="a">masmit 2020-12-07</subfield>
</datafield>
<datafield ind1=" " ind2=" " tag="010">
<subfield code="a"> 2003682277</subfield>
</datafield>
<datafield ind1=" " ind2=" " tag="040">
<subfield code="a">DLC</subfield>
<subfield code="c">DLC</subfield>
<subfield code="e">appm</subfield>
<subfield code="d">DLC</subfield>
</datafield>
<datafield ind1="0" ind2=" " tag="041">
<subfield code="d">phi</subfield>
<subfield code="d">eng</subfield>
<subfield code="g">eng</subfield>
</datafield>
<datafield ind1=" " ind2=" " tag="043">
<subfield code="a">a-ph---</subfield>
</datafield>
<datafield ind1=" " ind2=" " tag="090">
<subfield code="a">AFC 2001/007</subfield>
</datafield>
<datafield ind1=" " ind2=" " tag="090">
<subfield code="a">RWE 6960-7058 (preservation masters)</subfield>
</datafield>
<datafield ind1="0" ind2="0" tag="245">
<subfield code="a">Harold C. Conklin Philippine collection,</subfield>
<subfield code="f">1955-1995 /</subfield>
<subfield code="c">collected by Harold C. Conklin.</subfield>
</datafield>
<datafield ind1=" " ind2=" " tag="300">
<subfield code="a">8</subfield>
<subfield code="f">containers (10.6 linear feet)</subfield>
</datafield>
<datafield ind1=" " ind2=" " tag="300">
<subfield code="3">manuscripts</subfield>
<subfield code="a">5 folders.</subfield>
</datafield>
<datafield ind1=" " ind2=" " tag="300">
<subfield code="a">99 sound tape reels :</subfield>
<subfield code="b">analog, 7 1/2 ips ;</subfield>
<subfield code="c">10 in.</subfield>
</datafield>
<datafield ind1=" " ind2=" " tag="300">
<subfield code="a">1 computer disk ;</subfield>
<subfield code="c">3 1/2 in.</subfield>
</datafield>
<datafield ind1=" " ind2=" " tag="351">
<subfield code="a">
Organized by format into the following series: I. Manuscript Materials; II. Sound Recordings.
</subfield>
</datafield>
<datafield ind1=" " ind2=" " tag="500">
<subfield code="a">
Preservation masters, 99 sound tape reels, analog made from Conklin's 262 original field recordings on 5 in. sound tape reels and audio cassette tapes.
</subfield>
</datafield>
<datafield ind1=" " ind2=" " tag="520">
<subfield code="a">
Audio copies of original ethnographic field recordings made by anthropologist and linguist Harold C. Conklin, primarily of music and rituals of the Ifugao of northern Luzon, Philippines from 1961-1995. Also includes copies of 24 recordings, some made by other researchers and of other Philippine groups and languages dated 1955-1977. Related manuscripts include correspondence with Conklin, recording logs, and indices to the original recordings.
</subfield>
</datafield>
<datafield ind1="8" ind2=" " tag="524">
<subfield code="a">
Harold C. Conklin Philippine collection (AFC 2001/007), Archive of Folk Culture, American Folklife Center, Library of Congress, Washington, D.C.
</subfield>
</datafield>
<datafield ind1=" " ind2=" " tag="533">
<subfield code="a">Reference copies.</subfield>
<subfield code="b">Washington, D.C. :</subfield>
<subfield code="c">Archive of Folk Culture;</subfield>
<subfield code="d">1999-2001;</subfield>
<subfield code="e">179 compact discs : digital ; 4 3/4 in.</subfield>
</datafield>
<datafield ind1="1" ind2=" " tag="535">
<subfield code="a">Harold C. Conklin.</subfield>
</datafield>
<datafield ind1="0" ind2=" " tag="506">
<subfield code="a">The collection is open for research use.</subfield>
</datafield>
<datafield ind1=" " ind2=" " tag="540">
<subfield code="a">
Duplication of the recorded materials may be governed by copyright and other restrictions.
</subfield>
</datafield>
<datafield ind1=" " ind2=" " tag="541">
<subfield code="3">Sound recordings:</subfield>
<subfield code="a">Harold C. Conklin;</subfield>
<subfield code="c">Loan;</subfield>
<subfield code="d">1999-2001.</subfield>
</datafield>
<datafield ind1=" " ind2=" " tag="544">
<subfield code="n">
Related materials include copies of Conklin's earlier Hanunʹoo and Buhid field recordings, AFS 9584-9589 (accessioned 1949) and AFS 26,750-26,767 (accessioned 1988) available in the
</subfield>
<subfield code="a">Archive of Folk Culture, Library of Congress.</subfield>
</datafield>
<datafield ind1="0" ind2=" " tag="544">
<subfield code="n">
Harold C. Conklin's map manuscripts, personal papers, and field notes are held at
</subfield>
<subfield code="a">Yale University Library.</subfield>
</datafield>
<datafield ind1="0" ind2=" " tag="544">
<subfield code="n">
Harold C. Conklin's related artifact collections are at the
</subfield>
<subfield code="a">Peabody Museum of Natural History.</subfield>
</datafield>
<datafield ind1=" " ind2=" " tag="546">
<subfield code="a">
Recordings primarily in Ifugao dialects, some in other Philippine languages; some interviews in English; accompanying manuscripts in English.
</subfield>
</datafield>
<datafield ind1="0" ind2=" " tag="555">
<subfield code="a">
Finding aid is available in the Folklife Reading Room and online via the American Folklife Center web pages.
</subfield>
</datafield>
<datafield ind1="1" ind2="0" tag="600">
<subfield code="a">Conklin, Harold C.,</subfield>
<subfield code="d">1926-2016</subfield>
<subfield code="x">Ethnomusicological collections.</subfield>
</datafield>
<datafield ind1=" " ind2="0" tag="650">
<subfield code="a">Ethnology</subfield>
<subfield code="z">Philippines.</subfield>
</datafield>
<datafield ind1=" " ind2="0" tag="650">
<subfield code="a">Linguistics</subfield>
<subfield code="x">Research</subfield>
<subfield code="z">Philippines.</subfield>
</datafield>
<datafield ind1=" " ind2="0" tag="650">
<subfield code="a">Ifugao (Philippine people)</subfield>
<subfield code="v">Music.</subfield>
</datafield>
<datafield ind1=" " ind2="0" tag="650">
<subfield code="a">Ifugao (Philippine people)</subfield>
<subfield code="x">Rites and ceremonies.</subfield>
</datafield>
<datafield ind1=" " ind2="0" tag="650">
<subfield code="a">Ifugao (Philippine people)</subfield>
<subfield code="x">Social life and customs.</subfield>
</datafield>
<datafield ind1=" " ind2="0" tag="650">
<subfield code="a">Ifugao language</subfield>
<subfield code="x">Dialects.</subfield>
</datafield>
<datafield ind1=" " ind2="0" tag="650">
<subfield code="a">Singing games</subfield>
<subfield code="z">Philippines.</subfield>
</datafield>
<datafield ind1=" " ind2="0" tag="650">
<subfield code="a">Storytelling</subfield>
<subfield code="z">Philippines.</subfield>
</datafield>
<datafield ind1=" " ind2="0" tag="650">
<subfield code="a">Tales</subfield>
<subfield code="z">Philippines.</subfield>
</datafield>
<datafield ind1=" " ind2="0" tag="650">
<subfield code="a">Field recordings</subfield>
<subfield code="z">Philippines</subfield>
<subfield code="z">Luzon.</subfield>
</datafield>
<datafield ind1=" " ind2="0" tag="651">
<subfield code="a">Luzon (Philippines)</subfield>
<subfield code="x">Social life and customs.</subfield>
</datafield>
<datafield ind1=" " ind2="0" tag="655">
<subfield code="a">Interviews.</subfield>
</datafield>
<datafield ind1=" " ind2="7" tag="655">
<subfield code="a">Ethnography.</subfield>
<subfield code="2">aat</subfield>
</datafield>
<datafield ind1=" " ind2="7" tag="655">
<subfield code="a">Manuscripts.</subfield>
<subfield code="2">aat</subfield>
</datafield>
<datafield ind1=" " ind2="7" tag="655">
<subfield code="a">Sound recordings.</subfield>
<subfield code="2">aat</subfield>
</datafield>
<datafield ind1=" " ind2="7" tag="655">
<subfield code="a">Field recordings.</subfield>
<subfield code="2">lcgft</subfield>
</datafield>
<datafield ind1="1" ind2=" " tag="700">
<subfield code="a">Conklin, Harold C.,</subfield>
<subfield code="d">1926-2016,</subfield>
<subfield code="e">collector.</subfield>
</datafield>
<datafield ind1=" " ind2=" " tag="852">
<subfield code="a">DLC-AFC</subfield>
<subfield code="b">Archive of Folk Culture, American Folklife Center,</subfield>
<subfield code="e">
101 Independence Ave. S.E., Washington, DC USA 20540-4610
</subfield>
</datafield>
<datafield ind1="4" ind2="2" tag="856">
<subfield code="3">Finding aid</subfield>
<subfield code="u">http://hdl.loc.gov/loc.afc/eadafc.af007002</subfield>
</datafield>
<datafield ind1=" " ind2=" " tag="985">
<subfield code="a">afc/ead</subfield>
</datafield>
<datafield ind1=" " ind2=" " tag="985">
<subfield code="a">afc/coll</subfield>
</datafield>
</record>
</collection>